<?xml version="1.0" encoding="UTF-8"?><collection xmlns="http://www.loc.gov/MARC21/slim"><record><leader>00350nam--2200121-i-4500</leader><controlfield tag="001">000027490</controlfield><controlfield tag="002">20161230</controlfield><controlfield tag="005">20161230201036</controlfield><controlfield tag="008">060222s1000------------r-----000-0-eng-d</controlfield><datafield ind1=" " ind2=" " tag="080"><subfield code="a">681.3.06:681.14</subfield></datafield><datafield ind1=" " ind2=" " tag="245"><subfield code="a">Ibm system reference library. ibm system/360. disk operating system. operating guide</subfield></datafield><datafield ind1=" " ind2=" " tag="260"><subfield code="a">New York, Ibm Co., 1970. 132p</subfield></datafield><datafield ind1=" " ind2=" " tag="852"><subfield code="a">12309</subfield></datafield></record></collection>